[gd_scene load_steps=27 format=2]

[ext_resource path="res://Scenes/Player/Player.tscn" type="PackedScene" id=1]
[ext_resource path="res://Assets/Backgrounds/StarriSky.png" type="Texture" id=2]
[ext_resource path="res://Scenes/World/World.gd" type="Script" id=3]
[ext_resource path="res://Scenes/Planets/Earth/Earth.tscn" type="PackedScene" id=4]
[ext_resource path="res://Scenes/Planets/Sun/Sun.tscn" type="PackedScene" id=5]
[ext_resource path="res://Scenes/World/ParallaxBackground.gd" type="Script" id=6]
[ext_resource path="res://Scenes/Planets/Moon/Moon.tscn" type="PackedScene" id=7]
[ext_resource path="res://Scenes/Bonuses/FuelContainer/FuelContainer.tscn" type="PackedScene" id=8]
[ext_resource path="res://Assets/Bonuses/FuelContainer.png" type="Texture" id=9]
[ext_resource path="res://Scenes/UIController/UIController.gd" type="Script" id=10]
[ext_resource path="res://Scenes/UIController/MapLayer.gd" type="Script" id=11]
[ext_resource path="res://Scenes/Bonuses/LevelEnd/LevelEnd.tscn" type="PackedScene" id=12]
[ext_resource path="res://Scenes/Navigation/NavigationLayer.gd" type="Script" id=13]
[ext_resource path="res://Scenes/Planets/Mercury/Mercury.tscn" type="PackedScene" id=14]
[ext_resource path="res://Scenes/Planets/Venus/Venus.tscn" type="PackedScene" id=15]
[ext_resource path="res://Scenes/Planets/Mars/Mars.tscn" type="PackedScene" id=16]
[ext_resource path="res://Scenes/Planets/Jupiter/Jupiter.tscn" type="PackedScene" id=17]
[ext_resource path="res://Scenes/Planets/Saturn/Saturn.tscn" type="PackedScene" id=18]
[ext_resource path="res://Scenes/Planets/Uranus/Uranus.tscn" type="PackedScene" id=19]
[ext_resource path="res://Scenes/Planets/Neptune/Neptune.tscn" type="PackedScene" id=20]
[ext_resource path="res://Assets/Fonts/Timmana-Regular.ttf" type="DynamicFontData" id=22]
[ext_resource path="res://Scenes/EndGame/EndGameLayer.gd" type="Script" id=23]

[sub_resource type="StyleBoxFlat" id=1]
bg_color = Color( 0, 0.627451, 0.0588235, 1 )
border_width_left = 4
border_width_top = 4
border_width_right = 4
border_width_bottom = 4
border_color = Color( 0.396078, 0.396078, 0.396078, 1 )

[sub_resource type="StyleBoxFlat" id=2]
bg_color = Color( 0.231373, 0.231373, 0.231373, 1 )
draw_center = false
border_width_left = 4
border_width_top = 4
border_width_right = 4
border_width_bottom = 4
border_color = Color( 0.396078, 0.396078, 0.396078, 1 )

[sub_resource type="DynamicFont" id=3]
size = 100
font_data = ExtResource( 22 )

[sub_resource type="DynamicFont" id=4]
size = 40
font_data = ExtResource( 22 )

[node name="World" type="Node2D"]
script = ExtResource( 3 )

[node name="ParallaxBackground" type="ParallaxBackground" parent="."]
scroll_ignore_camera_zoom = true
script = ExtResource( 6 )

[node name="ParallaxLayer" type="ParallaxLayer" parent="ParallaxBackground"]
motion_scale = Vector2( 0.5, 0.5 )
motion_mirroring = Vector2( 4096, 4096 )

[node name="Sprite" type="Sprite" parent="ParallaxBackground/ParallaxLayer"]
texture = ExtResource( 2 )

[node name="LevelObjects" type="Node" parent="."]

[node name="Earth" parent="LevelObjects" instance=ExtResource( 4 )]
position = Vector2( -10111.3, 2332.62 )
rotation = -1.15942
parentGravitySourcePath = NodePath("../Sun")

[node name="Moon" parent="LevelObjects" instance=ExtResource( 7 )]
position = Vector2( -9828.61, 2987.37 )
parentGravitySourcePath = NodePath("../Earth")

[node name="Sun" parent="LevelObjects" instance=ExtResource( 5 )]

[node name="LevelEnd" parent="LevelObjects" instance=ExtResource( 12 )]
position = Vector2( 69278.9, 71.21 )
semiMajorAxisLength = 50000.0
parentGravitySourcePath = NodePath("../Sun")

[node name="Mercury" parent="LevelObjects" instance=ExtResource( 14 )]
position = Vector2( -2875.59, -21.3579 )
semiMajorAxisLength = 2000.0
parentGravitySourcePath = NodePath("../Sun")

[node name="Venus" parent="LevelObjects" instance=ExtResource( 15 )]
position = Vector2( -4530.44, 3162.79 )
semiMajorAxisLength = 4000.0
parentGravitySourcePath = NodePath("../Sun")

[node name="Mars" parent="LevelObjects" instance=ExtResource( 16 )]
position = Vector2( 15921.8, 0.84668 )
semiMajorAxisLength = 7000.0
parentGravitySourcePath = NodePath("../Sun")

[node name="Jupiter" parent="LevelObjects" instance=ExtResource( 17 )]
position = Vector2( 23101.9, 2902.86 )
semiMajorAxisLength = 15000.0
parentGravitySourcePath = NodePath("../Sun")

[node name="Saturn" parent="LevelObjects" instance=ExtResource( 18 )]
position = Vector2( 31084.7, -6377.39 )
semiMajorAxisLength = 20000.0
parentGravitySourcePath = NodePath("../Sun")

[node name="Uranus" parent="LevelObjects" instance=ExtResource( 19 )]
position = Vector2( 50641.2, 3966.17 )
semiMajorAxisLength = 30000.0
parentGravitySourcePath = NodePath("../Sun")

[node name="Neptune" parent="LevelObjects" instance=ExtResource( 20 )]
position = Vector2( 56188.3, -32917.7 )
semiMajorAxisLength = 45000.0
parentGravitySourcePath = NodePath("../Sun")

[node name="Player" parent="LevelObjects" instance=ExtResource( 1 )]
position = Vector2( -11064.3, 684.796 )
mass = 1.0
thrust = 128.0
zoom_speed = 10.0
max_zoom = 20.0

[node name="FuelContainers" type="Node" parent="LevelObjects"]

[node name="FuelContainer" parent="LevelObjects/FuelContainers" instance=ExtResource( 8 )]
position = Vector2( -10143.7, 3034.57 )
parentGravitySourcePath = NodePath("../../Moon")

[node name="FuelContainer2" parent="LevelObjects/FuelContainers" instance=ExtResource( 8 )]
position = Vector2( -9857.8, 2250.85 )
parentGravitySourcePath = NodePath("../../Earth")

[node name="FuelContainer3" parent="LevelObjects/FuelContainers" instance=ExtResource( 8 )]
position = Vector2( -4759.17, 2689.38 )
parentGravitySourcePath = NodePath("../../Venus")

[node name="FuelContainer4" parent="LevelObjects/FuelContainers" instance=ExtResource( 8 )]
position = Vector2( -2678.03, 2197.6 )
parentGravitySourcePath = NodePath("../../Venus")

[node name="FuelContainer5" parent="LevelObjects/FuelContainers" instance=ExtResource( 8 )]
position = Vector2( -3048.65, 251.878 )
parentGravitySourcePath = NodePath("../../Mercury")

[node name="FuelContainer6" parent="LevelObjects/FuelContainers" instance=ExtResource( 8 )]
position = Vector2( -3818.38, 444.312 )
parentGravitySourcePath = NodePath("../../Sun")

[node name="FuelContainer7" parent="LevelObjects/FuelContainers" instance=ExtResource( 8 )]
position = Vector2( -1181.32, 586.856 )
parentGravitySourcePath = NodePath("../../Sun")

[node name="FuelContainer8" parent="LevelObjects/FuelContainers" instance=ExtResource( 8 )]
position = Vector2( 4503.44, 370.15 )
parentGravitySourcePath = NodePath("../../Sun")

[node name="FuelContainer9" parent="LevelObjects/FuelContainers" instance=ExtResource( 8 )]
position = Vector2( 15327.2, 669.811 )
parentGravitySourcePath = NodePath("../../Mars")

[node name="FuelContainer10" parent="LevelObjects/FuelContainers" instance=ExtResource( 8 )]
position = Vector2( 12977.9, -1092.2 )
parentGravitySourcePath = NodePath("../../Mars")

[node name="FuelContainer11" parent="LevelObjects/FuelContainers" instance=ExtResource( 8 )]
position = Vector2( 16346.1, -337.051 )
parentGravitySourcePath = NodePath("../../Mars")

[node name="FuelContainer13" parent="LevelObjects/FuelContainers" instance=ExtResource( 8 )]
position = Vector2( 23490, 1964.35 )
parentGravitySourcePath = NodePath("../../Jupiter")

[node name="FuelContainer14" parent="LevelObjects/FuelContainers" instance=ExtResource( 8 )]
position = Vector2( 21488.3, 1580.78 )
parentGravitySourcePath = NodePath("../../Jupiter")

[node name="FuelContainer15" parent="LevelObjects/FuelContainers" instance=ExtResource( 8 )]
position = Vector2( 19031, 4613.36 )
parentGravitySourcePath = NodePath("../../Jupiter")

[node name="FuelContainer16" parent="LevelObjects/FuelContainers" instance=ExtResource( 8 )]
position = Vector2( 28308.5, 645.839 )
parentGravitySourcePath = NodePath("../../Jupiter")

[node name="FuelContainer17" parent="LevelObjects/FuelContainers" instance=ExtResource( 8 )]
position = Vector2( 29529.8, -5065.25 )
parentGravitySourcePath = NodePath("../../Saturn")

[node name="FuelContainer18" parent="LevelObjects/FuelContainers" instance=ExtResource( 8 )]
position = Vector2( 33624.5, -3556.66 )
parentGravitySourcePath = NodePath("../../Saturn")

[node name="FuelContainer19" parent="LevelObjects/FuelContainers" instance=ExtResource( 8 )]
position = Vector2( 22659.7, -10542.8 )
parentGravitySourcePath = NodePath("../../Saturn")

[node name="FuelContainer20" parent="LevelObjects/FuelContainers" instance=ExtResource( 8 )]
position = Vector2( 39030.3, -7945.26 )
parentGravitySourcePath = NodePath("../../Saturn")

[node name="FuelContainer21" parent="LevelObjects/FuelContainers" instance=ExtResource( 8 )]
position = Vector2( 50326.6, 1206.54 )
parentGravitySourcePath = NodePath("../../Uranus")

[node name="FuelContainer22" parent="LevelObjects/FuelContainers" instance=ExtResource( 8 )]
position = Vector2( 53981.3, 2263.68 )
parentGravitySourcePath = NodePath("../../Uranus")

[node name="FuelContainer23" parent="LevelObjects/FuelContainers" instance=ExtResource( 8 )]
position = Vector2( 42715.2, 4257.14 )
parentGravitySourcePath = NodePath("../../Uranus")

[node name="FuelContainer24" parent="LevelObjects/FuelContainers" instance=ExtResource( 8 )]
position = Vector2( 60173.1, 5797.55 )
parentGravitySourcePath = NodePath("../../Uranus")

[node name="FuelContainer25" parent="LevelObjects/FuelContainers" instance=ExtResource( 8 )]
position = Vector2( 59055.5, -5710.17 )
parentGravitySourcePath = NodePath("../../Uranus")

[node name="FuelContainer26" parent="LevelObjects/FuelContainers" instance=ExtResource( 8 )]
position = Vector2( 50735.5, -30542.2 )
parentGravitySourcePath = NodePath("../../Neptune")

[node name="FuelContainer27" parent="LevelObjects/FuelContainers" instance=ExtResource( 8 )]
position = Vector2( 63023.5, -26446.2 )
parentGravitySourcePath = NodePath("../../Neptune")

[node name="FuelContainer28" parent="LevelObjects/FuelContainers" instance=ExtResource( 8 )]
position = Vector2( 48431.5, -19278.2 )
parentGravitySourcePath = NodePath("../../Neptune")

[node name="FuelContainer29" parent="LevelObjects/FuelContainers" instance=ExtResource( 8 )]
position = Vector2( 74543.5, -14286.2 )
parentGravitySourcePath = NodePath("../../Neptune")

[node name="FuelContainer12" parent="LevelObjects/FuelContainers" instance=ExtResource( 8 )]
position = Vector2( 15063.5, 4829.11 )
parentGravitySourcePath = NodePath("../../Mars")

[node name="UI" type="CanvasLayer" parent="."]
script = ExtResource( 10 )
playerPath = NodePath("../LevelObjects/Player")

[node name="UICanvas" type="Control" parent="UI"]
anchor_right = 1.0
anchor_bottom = 1.0
__meta__ = {
"_edit_use_anchors_": false
}

[node name="FuelContainer" type="Sprite" parent="UI/UICanvas"]
position = Vector2( 70, 41 )
texture = ExtResource( 9 )

[node name="FuelAmount" type="ProgressBar" parent="UI/UICanvas"]
margin_left = 135.0
margin_top = 25.0
margin_right = 391.0
margin_bottom = 57.0
custom_styles/fg = SubResource( 1 )
custom_styles/bg = SubResource( 2 )
value = 50.0
percent_visible = false
__meta__ = {
"_edit_use_anchors_": false
}

[node name="NavigationLayer" type="Control" parent="UI"]
anchor_right = 1.0
anchor_bottom = 1.0
script = ExtResource( 13 )
__meta__ = {
"_edit_use_anchors_": false
}
playerPath = NodePath("../../LevelObjects/Player")

[node name="Pointers" type="Node2D" parent="UI/NavigationLayer"]

[node name="MapLayer" type="Control" parent="UI"]
visible = false
anchor_right = 1.0
anchor_bottom = 1.0
script = ExtResource( 11 )
__meta__ = {
"_edit_use_anchors_": false
}
map_scale = 0.01

[node name="ColorRect" type="ColorRect" parent="UI/MapLayer"]
anchor_right = 1.0
anchor_bottom = 1.0
color = Color( 0, 0, 0, 1 )

[node name="Objects" type="Node2D" parent="UI/MapLayer"]

[node name="EndGameLayer" type="Control" parent="UI"]
anchor_right = 1.0
anchor_bottom = 1.0
script = ExtResource( 23 )
__meta__ = {
"_edit_use_anchors_": false
}
playerPath = NodePath("../../LevelObjects/Player")

[node name="Popup" type="Control" parent="UI/EndGameLayer"]
anchor_right = 1.0
anchor_bottom = 1.0
__meta__ = {
"_edit_use_anchors_": false
}

[node name="ColorRect" type="ColorRect" parent="UI/EndGameLayer/Popup"]
anchor_left = 0.5
anchor_top = 0.5
anchor_right = 0.5
anchor_bottom = 0.5
margin_left = -350.0
margin_top = -250.0
margin_right = 350.0
margin_bottom = 250.0
color = Color( 0, 0, 0, 0.47451 )

[node name="LoseLabel" type="Label" parent="UI/EndGameLayer/Popup"]
anchor_left = 0.5
anchor_top = 0.5
anchor_right = 0.5
anchor_bottom = 0.5
margin_left = -195.5
margin_top = -159.298
margin_right = 195.5
margin_bottom = 4.70154
custom_fonts/font = SubResource( 3 )
text = "YOU DIED!"
align = 1
valign = 1

[node name="WinLabel" type="Label" parent="UI/EndGameLayer/Popup"]
anchor_left = 0.5
anchor_top = 0.5
anchor_right = 0.5
anchor_bottom = 0.5
margin_left = -195.5
margin_top = -159.298
margin_right = 195.5
margin_bottom = 4.70154
custom_fonts/font = SubResource( 3 )
text = "VICTORY!"
align = 1
valign = 1
__meta__ = {
"_edit_use_anchors_": false
}

[node name="Label" type="Label" parent="UI/EndGameLayer/Popup"]
anchor_left = 0.5
anchor_top = 0.5
anchor_right = 0.5
anchor_bottom = 0.5
margin_left = -184.0
margin_top = 72.0
margin_right = 184.0
margin_bottom = 138.0
custom_fonts/font = SubResource( 4 )
text = "Press SPACE for restart"
align = 1
valign = 1

[node name="Label2" type="Label" parent="UI/EndGameLayer/Popup"]
anchor_left = 0.5
anchor_top = 0.5
anchor_right = 0.5
anchor_bottom = 0.5
margin_left = -261.5
margin_top = 148.0
margin_right = 261.5
margin_bottom = 214.0
custom_fonts/font = SubResource( 4 )
text = "Press ESC for exit to main screen"
align = 1
valign = 1
